<?xml version="1.0" encoding="UTF-8"?><collection xmlns="http://www.loc.gov/MARC21/slim"><record><leader>00634nam--2200193-i-4500</leader><controlfield tag="001">000039895</controlfield><controlfield tag="002">20161230</controlfield><controlfield tag="005">20161230201042</controlfield><controlfield tag="008">060222s1000------------r-----000-0-eng-d</controlfield><datafield ind1=" " ind2=" " tag="040"><subfield code="a">IFIN-HH</subfield></datafield><datafield ind1=" " ind2=" " tag="080"><subfield code="a">536.7=03.82=20:531.19</subfield></datafield><datafield ind1="1" ind2=" " tag="100"><subfield code="a">Rumer, Yu.B</subfield></datafield><datafield ind1="1" ind2="0" tag="245"><subfield code="a">Thermodynamics, statistical physics, and kinetics</subfield><subfield code="b">Translated from the russian by s. semyonov</subfield><subfield code="c">Iu.b. rumer; m.sh. ryvkin</subfield></datafield><datafield ind1=" " ind2=" " tag="260"><subfield code="a">Moscow</subfield><subfield code="b">Mir Publishing</subfield><subfield code="c">1980</subfield></datafield><datafield ind1=" " ind2=" " tag="300"><subfield code="a">600P</subfield></datafield><datafield ind1=" " ind2=" " tag="500"><subfield code="a">Titlul Original In Limba Rusa: Termodinamika, Statisticeskaia Fizika I Kinetica</subfield></datafield><datafield ind1="1" ind2=" " tag="700"><subfield code="a">Ryvkin, M.Sh</subfield></datafield><datafield ind1=" " ind2=" " tag="852"><subfield code="a">49491</subfield><subfield code="c">536.7</subfield></datafield><datafield ind1=" " ind2=" " tag="CAT"><subfield code="a">Sys</subfield><subfield code="c">20110531</subfield><subfield code="h">163224</subfield></datafield></record></collection>